@article{gorder2004balancing,
  title={Balancing video-game piracy issues},
  author={Gorder, Pam Frost},
  journal={IEEE Security \& Privacy},
  volume={2},
  number={1},
  pages={17},
  year={2004},
  publisher={IEEE}
}
@article{myles2006content,
  title={Content protection for games},
  author={Myles, Ginger and Nusser, Stefan},
  journal={IBM systems journal},
  volume={45},
  number={1},
  pages={119--143},
  year={2006},
  publisher={IBM}
}
@inproceedings{drachen2011distribution,
  title={Distribution of digital games via BitTorrent},
  author={Drachen, Anders and Bauer, Kevin and Veitch, Robert WD},
  booktitle={Proceedings of the 15th International Academic MindTrek Conference: Envisioning Future Media Environments},
  pages={233--240},
  year={2011},
  organization={ACM}
}
@article{khong2006orphan,
  title={Orphan Works, Abandonware and the Missing Market for Copyrighted Goods},
  author={Khong, Dennis WK},
  journal={International Journal of Law and Information Technology},
  volume={15},
  number={1},
  pages={54--89},
  year={2006},
  publisher={Oxford University Press}
}
@article{barwick2008barriers,
  title={The barriers to the preservation of digital games: questions on cultural significance},
  author={Barwick, Joanna and Dearnley, James and Muir, Adrienne},
  year={2008},
  publisher={DOCAM and Media@ McGill}
}
@article{barton2005games,
  title={Games in captivity: liberation, emulation and abandonware},
  author={Barton, M},
  journal={Free Software Magazine},
  volume={8},
  number={10},
  year={2005}
}
@article{gooding2008grand,
  title={‘Grand Theft Archive’: a quantitative analysis of the current state of computer game preservation},
  author={Gooding, P and Terras, M},
  journal={The International Journal of Digital Curation},
  volume={3},
  number={2},
  year={2008},
  publisher={UKOLN, University of Bath}
}
@article{filby2007file,
  title={File Sharers: Criminals, Civil Wrongdoers or the Saviours of the Entertainment Industry? A Research Study into Behaviour, Motivational Rationale and Legal Perception Relating to Cyber Piracy},
  author={Filby, Michael},
  year={2007}
}
@article{301report,
  title={2005 SPECIAL 301 REPORT EXECUTIVE SUMMARY},
  publisher={United States Trade Representative},
  year={2005}
}
@online{muso,
  title={MUSO Global Piracy Report},
  year={https://www.muso.com/wp-content/uploads/2017/09/MUSO
  \_2017\_Global\_Sample\_Market\_Insights\_report.pdf}
}
@online{iipa,
  title={iipa.com},
  year={http://www.iipa.com}
}
@misc{panethiere2005persistence,
  title={The persistence of piracy: The consequences for creativity, for culture, and for sustainable development},
  author={Panethiere, Darrell},
  year={2005},
  publisher={United Nations Educational, Scientific and Cultural Organization (UNESCO)}
}
@misc{dictionary2007oxford,
  title={Oxford English dictionary online},
  author={Dictionary, Oxford English},
  year={2007},
  publisher={JSTOR}
}
@misc{sir-tech1981wizardry,
  title={Wizardry},
  publisher={Sir-Tech},
  organization={Sir-Tech},
  year={1981}
}
@online{gov,
  title={How Long Does Copyright Protection Last?},
  publisher={copyright.gov},
  year={https://www.copyright.gov/help/faq/faq-duration.html}
}